<?xml version="1.0" encoding="UTF-8"?><collection xmlns="http://www.loc.gov/MARC21/slim"><record><leader>00562nam--2200169-i-4500</leader><controlfield tag="001">000048522</controlfield><controlfield tag="002">20161230</controlfield><controlfield tag="005">20161230201047</controlfield><controlfield tag="008">060222s1000------------r-----000-0-eng-d</controlfield><datafield ind1=" " ind2=" " tag="040"><subfield code="a">IFIN-HH</subfield></datafield><datafield ind1=" " ind2=" " tag="080"><subfield code="a">539.12</subfield></datafield><datafield ind1="1" ind2=" " tag="100"><subfield code="a">Sudarshan,E.C.G</subfield></datafield><datafield ind1="1" ind2="0" tag="245"><subfield code="a">Proceedings of the 1960 annual international coference on high energy physics at rochester</subfield><subfield code="b">The university of rochester, rochester, n.y. august 25-september 1, 1960</subfield></datafield><datafield ind1=" " ind2=" " tag="260"><subfield code="a">Rochester</subfield><subfield code="b">Internsceince Publishers, Inc</subfield><subfield code="c">1960</subfield></datafield><datafield ind1=" " ind2=" " tag="300"><subfield code="a">890P</subfield></datafield><datafield ind1=" " ind2=" " tag="852"><subfield code="a">11741</subfield><subfield code="c">539.131</subfield></datafield><datafield ind1=" " ind2=" " tag="CAT"><subfield code="a">Sys</subfield><subfield code="c">20120228</subfield><subfield code="h">115526</subfield></datafield></record></collection>